@article{ref1,
  author={N. {Chavan-Dafle} and A. {Rodriguez}},
  journal={2018 IEEE International Conference on Robotics and Automation (ICRA)},
  title={Stable Prehensile Pushing: In-Hand Manipulation with Alternating Sticking Contacts},
  year={2018},
  volume={},
  number={},
  pages={254-261},
  language={english},
}
// booktitle={2018 IEEE International Conference on Robotics and Automation (ICRA)},

@InProceedings{ref2,
author="Ma, Raymond R.
and Spiers, Adam
and Dollar, Aaron M.",
editor="Ding, Xilun
and Kong, Xianwen
and Dai, Jian S.",
title="M2 Gripper: Extending the Dexterity of a Simple, Underactuated Gripper",
booktitle="Advances in Reconfigurable Mechanisms and Robots II",
year="2016",
publisher="Springer International Publishing",
address="Cham",
pages="795--805",
abstract="In the development of robotic hands, researchers have sought to increase inherent functionality without incurring greater complexity and cost. In this paper, we extend the manipulation capabilities of a simple gripper through a novel, underactuated design that produces several distinctive modes of operation. The proposed asymmetric hand design, the Multi-Modal (M2) Gripper, consists of a modular thumb with varying degrees of passive compliance and a dexterous, tendon-driven forefinger that can produce either underactuated or fully-actuated behaviors. With only two actuators and basic open-loop control, the hand is able to adaptively grasp objects of varying geometries, pinch-grasp smaller items, and perform some degree of in-hand manipulation via rolling and controlled sliding. We also detail the properties of this hand morphology that make it well-suited for future work in medical applications, haptic exploration, and studies on controlled stick-slip manipulation tasks.",
isbn="978-3-319-23327-7"
}

// @inproceedings{ref2,
//   author = {Ma, R.R and Spiers, Adam and Dollar, Aaron},
//   year = {2015},
//   month = {07},
//   pages = {},
//   title = {M2 Gripper: Extending the Dexterity of a Simple, Underactuated Gripper},
//   volume = {36},
//   language={english},
// }

@ARTICLE{ref3,
  author={A. J. {Spiers} and B. {Calli} and A. M. {Dollar}},
  journal={IEEE Robotics and Automation Letters},
  title={Variable-Friction Finger Surfaces to Enable Within-Hand Manipulation via Gripping and Sliding},
  year={2018},
  volume={3},
  number={4},
  pages={4116-4123},
  language={english},
}

@INPROCEEDINGS{ref4,
  author={N. {Chavan-Dafle} and M. T. {Mason} and H. {Staab} and G. {Rossano} and A. {Rodriguez}},
  booktitle={2015 IEEE International Conference on Automation Science and Engineering (CASE)},
  title={A two-phase gripper to reorient and grasp},
  year={2015},
  volume={},
  number={},
  pages={1249-1255},
  }

@INPROCEEDINGS{ref5,
  author={F. E. {Viña B.} and Y. {Karayiannidis} and K. {Pauwels} and C. {Smith} and D. {Kragic}},
  booktitle={2015 IEEE/RSJ International Conference on Intelligent Robots and Systems (IROS)},
  title={In-hand manipulation using gravity and controlled slip},
  year={2015},
  volume={},
  number={},
  pages={5636-5641},
  }

@INPROCEEDINGS{ref6,
  author={A. {Holladay} and R. {Paolini} and M. T. {Mason}},
  booktitle={2015 IEEE International Conference on Robotics and Automation (ICRA)},
  title={A general framework for open-loop pivoting},
  year={2015},
  volume={},
  number={},
  pages={3675-3681},
  }

@INPROCEEDINGS{ref7,
  author={N. C. {Dafle} and A. {Rodriguez} and R. {Paolini} and B. {Tang} and S. S. {Srinivasa} and M. {Erdmann} and M. T. {Mason} and I. {Lundberg} and H. {Staab} and T. {Fuhlbrigge}},
  booktitle={2014 IEEE International Conference on Robotics and Automation (ICRA)},
  title={Extrinsic dexterity: In-hand manipulation with external forces},
  year={2014},
  volume={},
  number={},
  pages={1578-1585},
  }

@INPROCEEDINGS{ref8,
  author={N. {Furukawa} and A. {Namiki} and S. {Taku} and M. {Ishikawa}},
  booktitle={Proceedings 2006 IEEE International Conference on Robotics and Automation, 2006. ICRA 2006.},
  title={Dynamic regrasping using a high-speed multifingered hand and a high-speed vision system},
  year={2006},
  volume={},
  number={},
  pages={181-187},}

@article{ref9,
    title = "Friction Models and Friction Compensation",
    journal = "European Journal of Control",
    volume = "4",
    number = "3",
    pages = "176 - 195",
    year = "1998",
    issn = "0947-3580",
    doi = "https://doi.org/10.1016/S0947-3580(98)70113-X",
    url = "http://www.sciencedirect.com/science/article/pii/S094735809870113X",
    author = "H. Olsson and K.J. Åström and C. [Canudas de Wit] and M. Gäfvert and P. Lischinsky",
    keywords = "Friction, Friction compensation, Models, Observers, Passivity",
    abstract = "This paper reviews friction phenomena and friction models of interest for automatic control. Particular emphasis is given to two recently developed dynamic friction models: the Bliman-Sorine model and the LuGre model. These models capture many frictional phenomena observed in laboratory experiments. The behaviours of the models in different situations are discussed in detail. Methods for friction compensation are presented and illustrated with results from practical experiments."
    }


@book{ref10,
	title={Applied Nonlinear Control},
	author={J. {Slotine} and  W. Li},
	year={1991},
	publisher={Prentice Hall},
	pages={351-354},
	typeoflit={C},
    }

@INPROCEEDINGS{ref11,
  author={F. E. {Viña B.} and Y. {Karayiannidis} and C. {Smith} and D. {Kragic}},
  booktitle={2016 IEEE International Conference on Robotics and Automation (ICRA)},
  title={Adaptive control for pivoting with visual and tactile feedback},
  year={2016},
  volume={},
  number={},
  pages={399-406},
  }
